@unpublished{conf1,
  address = {Atlanta, GA},
  author  = {Welborn, S. S.},
  note    = {Oral},
  title   = {SC24: Streaming Birds of a Feather},
  year    = {2024}
}

@unpublished{conf2,
  address = {Atlanta, GA},
  author  = {Welborn, S. S.},
  note    = {Demo},
  title   = {SC 2024: DOE Booth},
  year    = {2024}
}

@unpublished{conf3,
  address = {Hamburg, Germany},
  author  = {Welborn, S. S.},
  note    = {Oral \& Panelist},
  title   = {ISC High Performance 2024: Third Combined Workshop on Interactive and Urgent Supercomputing},
  year    = {2024}
}

@unpublished{conf4,
  address = {Berkeley, CA},
  author  = {Welborn, S. S.},
  note    = {Poster},
  title   = {NERSC 50th Anniversary User Group Meeting},
  year    = {2024}
}

@unpublished{conf5,
  address = {Berkeley, CA},
  author  = {Welborn, S. S.},
  note    = {Oral},
  title   = {NERSC Data Day},
  year    = {2024}
}

@unpublished{conf6,
  address = {Denver, CO},
  author  = {Welborn, S. S.},
  note    = {Live Demo},
  title   = {SC23: DOE Booth},
  year    = {2023}
}

@unpublished{conf7,
  address = {Busan, South Korea},
  author  = {Welborn, S. S.},
  note    = {Oral \& Poster},
  title   = {20th International Microscopy Congress},
  year    = {2023}
}

@unpublished{conf8,
  address = {(Virtual)},
  author  = {Welborn, S. S.},
  note    = {Invited Oral},
  title   = {APS Scientific Computation Seminar Series},
  year    = {2022}
}

@unpublished{conf9,
  address = {(Virtual)},
  author  = {Welborn, S. S.},
  note    = {Invited Oral},
  title   = {Nanoporous Metals by Alloy Corrosion Symposium},
  year    = {2021}
}

@unpublished{conf10,
  address = {Orlando, FL (Virtual)},
  author  = {Welborn, S. S.},
  note    = {Oral},
  title   = {240th Electrochemical Society Meeting},
  year    = {2021}
}

@unpublished{conf11,
  address = {Philadelphia, PA (Virtual)},
  author  = {Welborn, S. S.},
  note    = {Invited Oral},
  title   = {Penn MSE Departmental Seminar},
  year    = {2021}
}

@unpublished{conf12,
  address = {Honolulu, HI (Virtual)},
  author  = {Welborn, S. S.},
  note    = {Oral},
  title   = {ECS PRiME 2020 Online Conference},
  year    = {2020}
}

@unpublished{conf13,
  address = {Philadelphia, PA (Virtual)},
  author  = {Welborn, S. S.},
  note    = {Oral},
  title   = {Dual-source and Environmental X-ray Scattering Facility Seminar},
  year    = {2020}
}

@unpublished{conf14,
  address = {Philadelphia, PA (Virtual)},
  author  = {Welborn, S. S.},
  note    = {Oral},
  title   = {Philadelphia Regional ECS Graduate Student Seminar Series},
  year    = {2020}
}

@unpublished{conf15,
  address = {Montr√©al, Canada (Cancelled)},
  author  = {Welborn, S. S.},
  note    = {Oral},
  title   = {ECS Spring 2020: 237th Electrochemical Society Meeting},
  year    = {2020}
}

@unpublished{conf16,
  address = {Boston, MA},
  author  = {Welborn, S. S.},
  note    = {Oral},
  title   = {MRS 2019: MRS Fall Meeting \& Exhibit},
  year    = {2019}
}

@unpublished{conf17,
  address = {Dearborn, MI},
  author  = {Welborn, S. S.},
  note    = {Oral},
  title   = {MetFoam 2019: 11th International Conference on Porous Metals and Metallic Foams},
  year    = {2019}
}

@unpublished{conf18,
  address = {Los Angeles, CA},
  author  = {Welborn, S. S.},
  note    = {Oral},
  title   = {AAAFM 2019: American Association for Advances in Functional Materials 2019 Meeting},
  year    = {2019}
}

@unpublished{conf19,
  address = {San Antonio, TX},
  author  = {Welborn, S. S.},
  note    = {Oral},
  title   = {TMS 2019: Annual Meeting \& Exhibition},
  year    = {2019}
}

@unpublished{conf20,
  address = {Philadelphia, PA},
  author  = {Welborn, S. S.},
  note    = {Oral \& Poster},
  title   = {ISNM 2019: Third International Symposium on Nanoporous Materials by Alloy Corrosion},
  year    = {2019}
}

@unpublished{conf21,
  address = {Boston, MA},
  author  = {Welborn, S. S.},
  note    = {Oral},
  title   = {MRS 2018: MRS Fall Meeting \& Exhibit},
  year    = {2018}
}

@unpublished{conf22,
  address = {City University of Hong Kong},
  author  = {Welborn, S. S.},
  note    = {Poster},
  title   = {NANO 2018: Bi-annual meeting on Nanostructured Materials},
  year    = {2018}
}